@book{MHE,
  title={Mostly Harmless Econometrics: An Empiricist's Companion},
  author={Joshua Angrist and Jorn-Steffen Pischke},
  year={2009},
  publisher={Princeton University Press}
}

@book{ImbensRubin,
  title={Causal Inference for Statistics, Social, and Biomedical Sciences: An Introduction},
  author={Guido Imbens and Donald Rubin},
  year={2015},
  publisher={Cambridge University Press}
}

@book{Chernozhukov2024,
  title={Applied Causal Inference Powered by ML and AI},
  author={Victor Chernozhukov and Christian Hansen and Martin Spindler and Nathan Kallus and Vasilis Syrgkanis},
  year={2024},
  publisher={}
}

@article{Holland1986,
  title={Statistics and Causal Inference},
  author={Paul W. Holland},
  journal={Journal of the American Statistical Association},
  year={1986},
  volume={81},
  number={396},
  pages={945-960}
}

@article{AtheyImbens2017,
  title={The State of Applied Econometrics: Causality and Policy Evaluation},
  author={Susan Athey and Guido Imbens},
  journal={Journal of Economic Perspectives},
  year={2017},
  volume={31},
  number={2},
  pages={3-32}
}

@article{Cattaneo2019,
  title={A Practical Introduction to Regression Discontinuity Designs},
  author={Matias Cattaneo and Nicolas Idrobo and Rocio Titiunik},
  year={2019},
  publisher={Cambridge University Press}
}

@article{ImbensLemieux2008,
  title={Regression Discontinuity Designs: A Guide to Practice},
  author={Guido Imbens and Thomas Lemieux},
  journal={Journal of Economic Literature},
  year={2008},
  volume={47},
  number={1},
  pages={1-29}
}

@article{LeeLemieux2010,
  title={Regression Discontinuity Designs in Economics},
  author={David S. Lee and Thomas Lemieux},
  journal={Journal of Economic Literature},
  year={2010},
  volume={48},
  number={2},
  pages={281-355}
}

@article{Chernozhukov2017,
  title={Double Machine Learning for Treatment and Causal Parameters},
  author={Victor Chernozhukov and Denis Chetverikov and Mert Demirer and Esther Duflo and Christian Hansen and Whitney Newey and James Robins},
  journal={arXiv},
  year={2017}
}

@article{Angrist1996,
  title={Identification of Causal Effects Using Instrumental Variables},
  author={Joshua Angrist and Guido Imbens and Donald Rubin},
  journal={Journal of the American Statistical Association},
  year={1996},
  volume={91},
  number={434},
  pages={444-455}
}

@article{AngristKrueger1991,
  title={Does Compulsory School Attendance Affect Schooling and Earnings?},
  author={Joshua D. Angrist and Alan B. Krueger},
  journal={Quarterly Journal of Economics},
  year={1991},
  volume={106},
  number={4},
  pages={979-1014}
}

@article{StockYogo2005,
  title={Testing for Weak Instruments in Linear IV Regression},
  author={James H. Stock and Motohiro Yogo},
  journal={Econometrica},
  year={2005},
  volume={73},
  number={3},
  pages={715-753}
}

@article{BelloniChernozhukovHansen2014,
  title={High-Dimensional Methods and Inference on Structural and Treatment Effects},
  author={Alexandre Belloni and Victor Chernozhukov and Christian Hansen},
  journal={Journal of Economic Perspectives},
  year={2014},
  volume={28},
  number={2},
  pages={29-50}
}

@article{CardKrueger1994,
  title={Minimum Wages and Employment: A Case Study of the Fast-Food Industry in New Jersey and Pennsylvania},
  author={David Card and Alan B. Krueger},
  journal={American Economic Review},
  year={1994},
  volume={84},
  number={4},
  pages={772-793}
}

@book{Cunningham,
  title={Causal Inference: The Mixtape},
  author={Scott Cunningham},
  year={2021},
  publisher={Yale University Press}
}

@article{GoodmanBacon2021,
  title={Difference-in-Differences with Variation in Treatment Timing},
  author={Andrew Goodman-Bacon},
  journal={Journal of Econometrics},
  year={2021},
  volume={225},
  number={2},
  pages={254-277}
}

@article{ChaisemartinHaultfoeuille2023,
  title={Two-Way Fixed Effects and Differences-in-Differences with Heterogeneous Treatment Effects: A Survey},
  author={Clément de Chaisemartin and Xavier d’Haultfoeuille},
  journal={The Econometrics Journal},
  year={2023},
  volume={26},
  number={3},
  pages={C1-C30}
}

@article{Arkhangelsky2021,
  title={Synthetic Difference-in-Differences},
  author={Dmitry Arkhangelsky and Susan Athey and David A. Hirshberg and Guido W. Imbens and Stefan Wager},
  journal={American Economic Review},
  year={2021},
  volume={112},
  number={12},
  pages={4088-4118}
}

@article{Abadie2010,
  title={Synthetic Control Methods for Comparative Case Studies: Estimating the Effect of California's Tobacco Control Program},
  author={Alberto Abadie and Alexis Diamond and Jens Hainmueller},
  journal={American Economic Review},
  year={2010},
  volume={105},
  number={3},
  pages={391-425}
}

@article{DoudchenkoImbens2016,
  title={Balancing, Regression, Difference-in-Differences and Synthetic Control Methods: A Synthesis},
  author={Nina Doudchenko and Guido Imbens},
  journal={NBER Working Paper},
  year={2016}
}
